<record><leader>00000cas a22000007a 4500</leader><controlfield tag="001">12102306</controlfield><controlfield tag="008">850531d19041912mtuwr ne      0    0eng d</controlfield><datafield ind1=" " ind2=" " tag="010"><subfield code="a">sn 85053142 </subfield></datafield><datafield ind1=" " ind2=" " tag="040"><subfield code="a">MTL</subfield><subfield code="b">eng</subfield><subfield code="c">MTL</subfield><subfield code="d">OCLCQ</subfield></datafield><datafield ind1=" " ind2=" " tag="042"><subfield code="a">msc</subfield></datafield><datafield ind1="0" ind2="4" tag="245"><subfield code="a">The Montana homestead.</subfield></datafield><datafield ind1=" " ind2=" " tag="260"><subfield code="a">Hinsdale, Mont. :</subfield><subfield code="b">Homestead Pub. Co.,</subfield><subfield code="c">1904-1912.</subfield></datafield><datafield ind1=" " ind2=" " tag="300"><subfield code="a">8 v. :</subfield><subfield code="b">ill. ;</subfield><subfield code="c">50 cm.</subfield></datafield><datafield ind1=" " ind2=" " tag="310"><subfield code="a">Weekly</subfield></datafield><datafield ind1="0" ind2=" " tag="362"><subfield code="a">Vol. 1, no. 1 (May 11, 1904)-v. 8, no. 35 (Jan. 13, 1912).</subfield></datafield><datafield ind1=" " ind2=" " tag="752"><subfield code="a">United States</subfield><subfield code="b">Montana</subfield><subfield code="c">Valley</subfield><subfield code="d">Hinsdale.</subfield></datafield><datafield ind1="0" ind2="4" tag="785"><subfield code="t">Valley County independent</subfield><subfield code="g">Jan. 19, 1912</subfield><subfield code="w">(DLC)sn 85053143</subfield></datafield></record>